@article{maughan2009roadmap,
  title={A roadmap for cybersecurity research},
  author={Maughan, D and others},
  journal={US Department of Homeland SecurityNovember},
  volume={2009},
  year={2009}
}

@techreport{kurt2012cyber,
  title={Cyber Security: A Road Map for Turkey},
  author={Kurt, Umit},
  year={2012},
  institution={DTIC Document}
}

@misc{choucri2010institutional,
  title={Institutional Foundations for Cyber Security: Current Responses and New Challenges},
  author={Choucri, Nazli and Ferwerda, Jeremy and Madnick, Stuart},
  year={2010},
 publisher={ALFRED P SLOAN SCHOOL OF MANAGEMENT CAMBRIDGE MA COMPOSITE INFORMATION SYSTEMS LAB}
}

@article{karabacak2009critical,
  title={Critical Infrastructure Protection Status and Action Items of Turkey},
  author={Karabacak, Bilge and OZKAN, Sevgi},
  year={2009}
}


@article{von2013information,
  title={From Information Security to Cyber Security},
  author={von Solms, Rossouw and van Niekerk, Johan},
  journal={Computers \& Security},
  year={2013},
  publisher={Elsevier}
}

@article{senturk2012cyber,
  title={Cyber Security Analysis of Turkey},
  author={Senturk, Hakan and {\c{C}}il, Zaim and Sa{\u{g}}{\i}ro{\u{g}}lu, {\c{S}}eref},
  journal={International Journal of Information Security Science},
  volume={1},
  number={4},
  pages={112--125},
  year={2012}
}


@book{kramer2009cyberpower,
  title={Cyberpower and national security},
  author={Kramer, Franklin D and Starr, Stuart H},
  year={2009},
  publisher={Potomac Books, Inc.}
}


@inproceedings{mali2013cyber,
  title={Cyber security awareness syllabus for primary school children},
  author={Mali, Nosipho and Van Niekerk, Johan},
  booktitle={2013 Conference},
  year={2013}
}

@book{tehan2012cybersecurity,
  title={Cybersecurity: Authoritative Reports and Resources},
  author={Tehan, Rita},
  year={2012},
  publisher={Congressional Research Service}
}


@book{garcia1997fundamentals,
  title={Fundamentals of technology roadmapping},
  author={Garcia, Marie L and Bray, Olin H},
  year={1997},
  publisher={Sandia National Laboratories Albuquerque, NM}
}
